@article{C57,
  title={An optimum character recognition system using decision functions},
  author={Chow, C K},
  journal={Electronic Computers, IRE Transactions on},
  number={4},
  pages={247--254},
  year={1957},
  publisher={IEEE}
}

@article{C70,
  title={On optimum recognition error and reject tradeoff},
  author={Chow, C K},
  journal={Information Theory, IEEE Transactions on},
  volume={16},
  number={1},
  pages={41--46},
  year={1970},
  publisher={IEEE}
}

@article{DGBSX12,
  title={Optimal distributed online prediction using mini-batches},
  author={Dekel, Ofer and Gilad-Bachrach, Ran and Shamir, Ohad and Xiao, Lin},
  journal={The Journal of Machine Learning Research},
  volume={13},
  number={1},
  pages={165--202},
  year={2012},
  publisher={JMLR. org}
}

@InProceedings{RSS12,
  author =    {Alexander Rakhlin and Ohad Shamir and Karthik Sridharan},
  title =     {Making Gradient Descent Optimal for Strongly Convex Stochastic Optimization},
  booktitle = {Proceedings of the 29th International Conference on Machine Learning (ICML-12)},
  series =    {ICML '12},
  year =      {2012},
  editor =    {John Langford and Joelle Pineau},
  location =  {Edinburgh, Scotland, GB},
  isbn =      {978-1-4503-1285-1},
  month =     {July},
  publisher = {Omnipress},
  address =   {New York, NY, USA},
  pages=      {449--456},
}

@incollection{BL03,
  title={PAC-MDL Bounds},
  author={Blum, Avrim and Langford, John},
  booktitle={Learning Theory and Kernel Machines},
  pages={344--357},
  year={2003},
  publisher={Springer}
}

@article{K03,
  title={Measures of diversity in classifier ensembles and their relationship with the ensemble accuracy},
  author={Kuncheva, Ludmila I and Whitaker, Christopher J},
  journal={Machine learning},
  volume={51},
  number={2},
  pages={181--207},
  year={2003},
  publisher={Kluwer Academic Publishers}
}

@article{I95,
  title={Hard-core distributions for somewhat hard problems},
  author={Impagliazzo, Russell},
  booktitle={Foundations of Computer Science, 1995. Proceedings., 36th Annual Symposium on},
  pages={538--545},
  year={1995},
  publisher={IEEE}
}

@article{T13,
  title={Margins, Shrinkage, and Boosting},
  author={Telgarsky, Matus},
  booktitle={Proceedings of the 30th International Conference on Machine Learning (ICML-13)},
  pages={307--315},
  year={2013}
}

@inproceedings{FSSW97,
  title={Using and combining predictors that specialize},
  author={Freund, Yoav and Schapire, Robert E and Singer, Yoram and Warmuth, Manfred K},
  booktitle={Proceedings of the twenty-ninth annual ACM symposium on Theory of computing},
  pages={334--343},
  year={1997},
  organization={ACM}
}

@article{NP82,
  title={Optimal decision rules in uncertain dichotomous choice situations},
  author={Nitzan, Shmuel and Paroush, Jacob},
  journal={International Economic Review},
  pages={289--297},
  year={1982},
  publisher={JSTOR}
}

@article{B98,
  title={The sample complexity of pattern classification with neural networks: the size of the weights is more important than the size of the network},
  author={Bartlett, Peter L},
  journal={Information Theory, IEEE Transactions on},
  volume={44},
  number={2},
  pages={525--536},
  year={1998},
  publisher={IEEE}
}

@article{AP13,
  title={A differential equations approach to optimizing regret trade-offs},
  author={Andoni, Alexandr and Panigrahy, Rina},
  journal={arXiv preprint arXiv:1305.1359},
  year={2013}
}

@inproceedings{KP11,
  title={Prediction strategies without loss},
  author={Kapralov, Michael and Panigrahy, Rina},
  booktitle={Advances in Neural Information Processing Systems},
  pages={828--836},
  year={2011}
}

@article{EM77,
    author = {Efron, B. and Morris, C.},
    journal = {Scientific American},
    pages = {119--127},
    title = {{Stein's Paradox in Statistics}},
    volume = {236},
    year = {1977}
}

@inproceedings{AUL09,
title = {A Transductive Bound for the Voted Classifier with an Application to Semi-supervised Learning},
author = {Massih Amini and Usunier, Nicolas and Fran\c{c}ois Laviolette},
booktitle = {Advances in Neural Information Processing Systems 21},
editor = {D. Koller and D. Schuurmans and Y. Bengio and L. Bottou},
pages = {65--72},
year = {2009}
}

@article{VTS05,
  title={Defensive Forecasting},
  author={Vovk, Vladimir and Takemura, Akimichi and Shafer, Glenn},
  journal={AISTATS 2005},
  pages={365-372},
  year={2005}
}

@inproceedings{V90,
  title={Aggregating strategies},
  author={Vovk, Volodimir G},
  booktitle={Proc. Third Workshop on Computational Learning Theory},
  pages={371--383},
  year={1990},
  organization={Morgan Kaufmann}
}

@inproceedings{LZ14,
  title={Robust classification under sample selection bias},
  author={Liu, Anqi and Ziebart, Brian},
  booktitle={Advances in Neural Information Processing Systems},
  pages={37--45},
  year={2014}
}

@inproceedings{CBFHHSW93,
  title={How to use expert advice},
  author={Cesa-Bianchi, Nicol{\`o} and Freund, Yoav and Helmbold, David P and Haussler, David and Schapire, Robert E and Warmuth, Manfred K},
  booktitle={Proceedings of the twenty-fifth annual ACM symposium on Theory of computing},
  pages={382--391},
  year={1993},
  organization={ACM}
}

@inproceedings{LGBJ01,
  title={Minimax probability machine},
  author={Lanckriet, Gert and Ghaoui, Laurent E and Bhattacharyya, Chiranjib and Jordan, Michael I},
  booktitle={Advances in neural information processing systems},
  pages={801--807},
  year={2001}
}

@article{FMG92,
  title={Universal prediction of individual sequences},
  author={Feder, Meir and Merhav, Neri and Gutman, Michael},
  journal={Information Theory, IEEE Transactions on},
  volume={38},
  number={4},
  pages={1258--1270},
  year={1992},
  publisher={IEEE}
}

@article{KP02,
  title={Empirical margin distributions and bounding the generalization error of combined classifiers},
  author={Koltchinskii, Vladimir and Panchenko, Dmitry},
  journal={Annals of Statistics},
  pages={1--50},
  year={2002},
  publisher={JSTOR}
}

@article{SFBL98,
  title={Boosting the margin: A new explanation for the effectiveness of voting methods},
  author={Schapire, Robert E and Freund, Yoav and Bartlett, Peter and Lee, Wee Sun},
  journal={Annals of statistics},
  pages={1651--1686},
  year={1998},
  publisher={JSTOR}
}

@MISC{V96,
    author = {Robert J. Vanderbei},
    title = {Linear Programming: Foundations and Extensions},
    year = {1996}
}

@article{NCGCVVF11,
  author    = {Ilia Nouretdinov and
               Sergi G. Costafreda andhttp://www.espnfc.co.uk/manchester-united/story/2259339/manchester-united-striker-radamel-falcao-will-get-bettersays-colombia-manager-jose-pekerman
               Alexander Gammerman and
               Alexey Ya. Chervonenkis and
               Vladimir Vovk and
               Vladimir Vapnik and
               Cynthia H. Y. Fu},
  title     = {Machine learning classification with confidence: Application
               of transductive conformal predictors to MRI-based diagnostic
               and prognostic markers in depression},
  journal   = {NeuroImage},
  volume    = {56},
  number    = {2},
  year      = {2011},
  pages     = {809-813},
  ee        = {http://dx.doi.org/10.1016/j.neuroimage.2010.05.023},
  bibsource = {DBLP, http://dblp.uni-trier.de}
}

@inproceedings{BLRR04,
  title={Semi-supervised learning using randomized mincuts},
  author={Blum, Avrim and Lafferty, John and Rwebangira, Mugizi Robert and Reddy, Rajashekar},
  booktitle={Proceedings of the twenty-first International Conference on Machine Learning},
  pages={13},
  year={2004},
  organization={ACM}
}

@article{WY11,
  title={Support vector machines with a reject option},
  author={Wegkamp, Marten and Yuan, Ming},
  journal={Bernoulli},
  volume={17},
  number={4},
  pages={1368--1385},
  year={2011},
  publisher={Bernoulli Society for Mathematical Statistics and Probability}
}

@incollection{T00,
  title={An optimal reject rule for binary classifiers},
  author={Tortorella, Francesco},
  booktitle={Advances in Pattern Recognition},
  pages={611--620},
  year={2000},
  publisher={Springer}
}

@article{YW10,
  title={Classification methods with reject option based on convex risk minimization},
  author={Yuan, Ming and Wegkamp, Marten},
  journal={The Journal of Machine Learning Research},
  volume={11},
  pages={111--130},
  year={2010},
  publisher={JMLR. org}
}

@article{SV08,
  title={A tutorial on conformal prediction},
  author={Shafer, Glenn and Vovk, Vladimir},
  journal={The Journal of Machine Learning Research},
  volume={9},
  pages={371--421},
  year={2008},
  publisher={JMLR. org}
}

@inproceedings{BGLR14,
  title={PAC-Bayesian Theory for Transductive Learning},
  author={Luc B{\`e}gin and Pascal Germain and 
               Fran\c{c}ois Laviolette and Jean-Francis Roy},
  booktitle = "Artificial Intelligence and Statistics (AISTATS)",
  year      = {2014}
}

@article{EYW10,
  title={On the foundations of noise-free selective classification},
  author={El-Yaniv, Ran and Wiener, Yair},
  journal={The Journal of Machine Learning Research},
  volume={11},
  pages={1605--1641},
  year={2010}
}

@inproceedings{EYW11,
  title={Agnostic selective classification},
  author={El-Yaniv, Ran and Wiener, Yair},
  booktitle={Neural Information Processing Systems (NIPS)},
  year={2011}
}

@article{EYW12,
  title={Active learning via perfect selective classification},
  author={El-Yaniv, Ran and Wiener, Yair},
  journal={The Journal of Machine Learning Research},
  volume={13},
  pages={255--279},
  year={2012},
  publisher={JMLR. org}
}

@article{L05,
  title={Tutorial on Practical Prediction Theory for Classification},
  author={Langford, John},
  journal={Journal of Machine Learning Research},
  volume={6},
  pages={273--306},
  year={2005}
}

@article{BW08,
  title={Classification with a reject option using a hinge loss},
  author={Bartlett, Peter L and Wegkamp, Marten H},
  journal={The Journal of Machine Learning Research},
  volume={9},
  pages={1823--1840},
  year={2008}
}

@article{HW06,
  title={Classification with reject option},
  author={Herbei, Radu and Wegkamp, Marten H},
  journal={Canadian Journal of Statistics},
  volume={34},
  number={4},
  pages={709--721},
  year={2006},
  publisher={Wiley Online Library}
}

@article{AB07,
  title={Combining PAC-Bayesian and generic chaining bounds},
  author={Audibert, Jean-Yves and Bousquet, Olivier},
  journal={The Journal of Machine Learning Research},
  volume={8},
  pages={863--889},
  year={2007},
  publisher={JMLR. org}
}

@INPROCEEDINGS{FMS00,
    author = {Yoav Freund and Yishay Mansour and Robert E. Schapire},
    title = {Why Averaging Classifiers Can Protect Against Overfitting},
    booktitle = {In Proceedings of the Eighth International Workshop on Artificial Intelligence and Statistics},
    year = {2000}
}

@inproceedings{RLM11,
  author    = {Jean-Francis Roy and
               Fran\c{c}ois Laviolette and
               Mario Marchand},
  title     = {From PAC-Bayes Bounds to Quadratic Programs for Majority
               Votes},
  booktitle = {ICML},
  year      = {2011},
  pages     = {649-656},
  crossref  = {DBLP:conf/icml/2011},
  bibsource = {DBLP, http://dblp.uni-trier.de}
}
@proceedings{DBLP:conf/icml/2011,
  editor    = {Lise Getoor and
               Tobias Scheffer},
  title     = {Proceedings of the 28th International Conference on Machine
               Learning, ICML 2011, Bellevue, Washington, USA, June 28
               - July 2, 2011},
  booktitle = {ICML},
  publisher = {Omnipress},
  year      = {2011},
  bibsource = {DBLP, http://dblp.uni-trier.de}
}

@book{CBL06,
 author = {Cesa-Bianchi, Nicolo and Lugosi, G{\`a}bor},
 title = {Prediction, Learning, and Games},
 year = {2006},
 publisher = {Cambridge University Press},
 address = {New York, NY, USA},
} 

@article{FMS04,
  title={Generalization bounds for averaged classifiers},
  author={Freund, Yoav and Mansour, Yishay and Schapire, Robert E},
  journal={Annals of Statistics},
  pages={1698--1722},
  year={2004},
  publisher={JSTOR}
}

