@article{C57,
  title={An optimum character recognition system using decision functions},
  author={Chow, C K},
  journal={Electronic Computers, IRE Transactions on},
  number={4},
  pages={247--254},
  year={1957},
  publisher={IEEE}
}

@article{C70,
  title={On optimum recognition error and reject tradeoff},
  author={Chow, C K},
  journal={Information Theory, IEEE Transactions on},
  volume={16},
  number={1},
  pages={41--46},
  year={1970},
  publisher={IEEE}
}

@article{WY11,
  title={Support vector machines with a reject option},
  author={Wegkamp, Marten and Yuan, Ming and others},
  journal={Bernoulli},
  volume={17},
  number={4},
  pages={1368--1385},
  year={2011},
  publisher={Bernoulli Society for Mathematical Statistics and Probability}
}

@incollection{T00,
  title={An optimal reject rule for binary classifiers},
  author={Tortorella, Francesco},
  booktitle={Advances in Pattern Recognition},
  pages={611--620},
  year={2000},
  publisher={Springer}
}

@article{YW10,
  title={Classification methods with reject option based on convex risk minimization},
  author={Yuan, Ming and Wegkamp, Marten},
  journal={The Journal of Machine Learning Research},
  volume={11},
  pages={111--130},
  year={2010},
  publisher={JMLR. org}
}

@article{SV08,
  title={A tutorial on conformal prediction},
  author={Shafer, Glenn and Vovk, Vladimir},
  journal={The Journal of Machine Learning Research},
  volume={9},
  pages={371--421},
  year={2008},
  publisher={JMLR. org}
}

@inproceedings{BGLR14,
  title={PAC-Bayesian Theory for Transductive Learning},
  author={Luc B{\`e}gin and Pascal Germain and 
               Fran\c{c}ois Laviolette and Jean-Francis Roy},
  booktitle = "Artificial Intelligence and Statistics (AISTATS)",
  year      = {2014}
}

@article{EYW10,
  title={On the foundations of noise-free selective classification},
  author={El-Yaniv, Ran and Wiener, Yair},
  journal={The Journal of Machine Learning Research},
  volume={11},
  pages={1605--1641},
  year={2010}
}

@inproceedings{EYW11,
  title={Agnostic selective classification},
  author={El-Yaniv, Ran and Wiener, Yair},
  booktitle={Neural Information Processing Systems (NIPS)},
  year={2011}
}

@article{EYW12,
  title={Active learning via perfect selective classification},
  author={El-Yaniv, Ran and Wiener, Yair},
  journal={The Journal of Machine Learning Research},
  volume={13},
  pages={255--279},
  year={2012},
  publisher={JMLR. org}
}

@article{L05,
  title={Tutorial on Practical Prediction Theory for Classification},
  author={Langford, John},
  journal={Journal of Machine Learning Research},
  volume={6},
  pages={273--306},
  year={2005}
}

@article{BW08,
  title={Classification with a reject option using a hinge loss},
  author={Bartlett, Peter L and Wegkamp, Marten H},
  journal={The Journal of Machine Learning Research},
  volume={9},
  pages={1823--1840},
  year={2008}
}

@article{HW06,
  title={Classification with reject option},
  author={Herbei, Radu and Wegkamp, Marten H},
  journal={Canadian Journal of Statistics},
  volume={34},
  number={4},
  pages={709--721},
  year={2006},
  publisher={Wiley Online Library}
}

@article{AB07,
  title={Combining PAC-Bayesian and generic chaining bounds},
  author={Audibert, Jean-Yves and Bousquet, Olivier},
  journal={The Journal of Machine Learning Research},
  volume={8},
  pages={863--889},
  year={2007},
  publisher={JMLR. org}
}

@INPROCEEDINGS{FMS00,
    author = {Yoav Freund and Yishay Mansour and Robert E. Schapire},
    title = {Why Averaging Classifiers Can Protect Against Overfitting},
    booktitle = {In Proceedings of the Eighth International Workshop on Artificial Intelligence and Statistics},
    year = {2000}
}

@inproceedings{RLM11,
  author    = {Jean-Francis Roy and
               Fran\c{c}ois Laviolette and
               Mario Marchand},
  title     = {From PAC-Bayes Bounds to Quadratic Programs for Majority
               Votes},
  booktitle = {ICML},
  year      = {2011},
  pages     = {649-656},
  crossref  = {DBLP:conf/icml/2011},
  bibsource = {DBLP, http://dblp.uni-trier.de}
}
@proceedings{DBLP:conf/icml/2011,
  editor    = {Lise Getoor and
               Tobias Scheffer},
  title     = {Proceedings of the 28th International Conference on Machine
               Learning, ICML 2011, Bellevue, Washington, USA, June 28
               - July 2, 2011},
  booktitle = {ICML},
  publisher = {Omnipress},
  year      = {2011},
  bibsource = {DBLP, http://dblp.uni-trier.de}
}

@book{CBL06,
 author = {Cesa-Bianchi, Nicolo and Lugosi, G{\`a}bor},
 title = {Prediction, Learning, and Games},
 year = {2006},
 publisher = {Cambridge University Press},
 address = {New York, NY, USA},
} 

@article{FMS04,
  title={Generalization bounds for averaged classifiers},
  author={Freund, Yoav and Mansour, Yishay and Schapire, Robert E},
  journal={Annals of Statistics},
  pages={1698--1722},
  year={2004},
  publisher={JSTOR}
}

